@inproceedings{maillard2013robust,
  title={Robust risk-averse stochastic multi-armed bandits},
  author={Maillard, Odalric-Ambrym},
  booktitle={International Conference on Algorithmic Learning Theory},
  pages={218--233},
  year={2013},
  organization={Springer}
}

@inproceedings{audibert2010best,
  title={Best arm identification in multi-armed bandits},
  author={Audibert, Jean-Yves and Bubeck, S{\'e}bastien},
  year={2010}
}

@article{coquelin2007bandit,
  title={Bandit algorithms for tree search},
  author={Coquelin, Pierre-Arnaud and Munos, R{\'e}mi},
  journal={arXiv preprint cs/0703062},
  year={2007}
}

@article{cassel2018general,
  title={A general approach to multi-armed bandits under risk criteria},
  author={Cassel, Asaf and Mannor, Shie and Zeevi, Assaf},
  journal={arXiv preprint arXiv:1806.01380},
  year={2018}
}